elect@elect-emacs.5910:1535340709