
@manual{deeplearning4j,
title="deelearning4j",
year="2018",
organization="Skymind. DL4J"
}
@article{stkn_tohoku,
title="対話生成における応答のスタイル制御に関する研究",
year="2017",
month="3",
author="赤間怜奈"
}
@unknown{hum
aristbot,
author = {Augello, Agnese and Saccone, Gaetano and Gaglio, Salvatore and Pilato, Giovanni},
year={2008},
month={04},
pages={703 - 708},
title={Humorist Bot: Bringing Computational Humour in a Chat-Bot System},
isbn={978-0-7695-3109-0},
booktitle={Proceedings - CISIS 2008: 2nd International Conference on Complex, Intelligent and Software Intensive Systems}
}