@book{
book1,
author = " 天野 英晴 (著), 武藤 佳恭 (著), 相磯 秀夫 (監修) ",
title = "だれにもわかるディジタル回路",
publisher = "オーム社"
}