@Misc{kobe-u01,
title="非線形回帰分析",
url="http://i.cla.kobe-u.ac.jp/murao/class/2014-SeminarB2/9_NonlinearRegression.pdf"
}
@Misc{random-forest,
title="「はじめてでもわかる RandomForest 入門－集団学習による分類・予測 －」 －第７回データマイニング+WEB勉強会＠東京",
author="Koichi Hamada",
url="https://www.slideshare.net/hamadakoichi/randomforest-web"
}
@Misc{random-forest2,
title="Pythonでランダムフォレストを実装する男",
author="deaikei",
url="http://qiita.com/deaikei/items/52d84ccfedbfc3b222cb",
}
@Misc{define-tree,
title="決定機学習",
author="下畑光夫",
howpublished="https://www.slideshare.net/mitsuoshimohata/ss-35949886"
}
@Misc{matlab0,
title="決定木 Matlab",
url = "https://jp.mathworks.com/help/stats/classification-trees-and-regression-trees.html#bsw6a9f"
}

@Misc{linerReggression,
title="scikit-learn で線形回帰",
author="Python Data Science",
url = "http://pythondatascience.plavox.info/scikit-learn/%E7%B7%9A%E5%BD%A2%E5%9B%9E%E5%B8%B0"
}

@Misc{news,
title="深層学習でニュース記事を分類する",
author="hogefugabar",
url="http://qiita.com/hogefugabar/items/c27ed578717c5e7288c0"
}

@Misc{slide01,
title="AutoEncoderで特徴抽出",
url="https://www.slideshare.net/lewuathe/auto-encoder-v2",
author="Kai Sasaki"
}

@Misc{page01,
title="chainerでStacked denoising Autoencoder",
url="http://tochikuji.hatenablog.jp/entry/20150916/1442406243",
author=":tochikuji"
}

@book{sarima01,
title="Forecasting: principles and practice",
url="https://www.otexts.org/fpp/8",
author="Rob J Hyndman,George Athanasopoulos",
year="2017",
month="10",
day="17"
}

@misc{sarima02,
title="時系列解析＿理論編",
howpublished="Logics of Blue",
year="2017",
month="6",
day="1"
}

@misc{sarima03,
title="Seasonal ARIMA models",
author="The Pennsylvania State  University",
year="2017",
url="https://onlinecourses.science.psu.edu/stat510/node/50"
}

@misc{sarima04,
title="時系列解析",
url="https://upo-net.ouj.ac.jp/tokei/contents/sub_contents/c01_06_00.xml"
}

@misc{sarima05,
title="Time Series Analysis",
author="Andres M. Alonso , Carolia Garcia-Martos",
url="http://www.etsii.upm.es/ingor/estadistica/Carol/TSAtema4petten.pdf"
}

@misc{rf01,
title="Imputation of Missing Values using Random Forest",
author="Satoshi Kato",
url="https://www.slideshare.net/kato_kohaku/imputation-of-missing-values-using-random-forest?ref=http://kato-kohaku-0.hatenablog.com/entry/2016/05/01/155908",
howpublished="SlideShare",
}

@misc{rf02,
title="Random Forestを用いた欠測データの補完とその応用",
author="石岡恒憲",
year="2010",
month="11",
day="16",
url="http://www.rd.dnc.ac.jp/~tunenori/doc/jjasRf2010slide.pdf",
organization="大学入試センター研究開発部",
}

@misc{rf03,
title="Imputing missing values before building an estimator",
url="http://scikit-learn.org/stable/auto_examples/missing_values.html",
organization="scikit learn"
}

@misc{rf04,
title="rfImpute",
url="https://www.rdocumentation.org/packages/randomForest/versions/4.6-12/topics/rfImpute",
organization="RDocumentation"
}

@article{rf05,
title="Random Forest Missing Data Algolithms",
author="Fei Tang, Hemant Ishwaren",
organization="Division of Viostatistics, University of Miami",
year="2017",
month="1",
day="23",
url="https://arxiv.org/pdf/1701.05305.pdf"
}

@article{Breiman:2001:RF:570181.570182,
 author = {Breiman, Leo},
 title = {Random Forests},
 journal = {Mach. Learn.},
 issue_date = {October 1 2001},
 volume = {45},
 number = {1},
 month = oct,
 year = {2001},
 issn = {0885-6125},
 pages = {5--32},
 numpages = {28},
 url = {http://dx.doi.org/10.1023/A:1010933404324},
 doi = {10.1023/A:1010933404324},
 acmid = {570182},
 publisher = {Kluwer Academic Publishers},
 address = {Hingham, MA, USA},
 keywords = {classification, ensemble, regression},
}

@article{rf06,
title="Random Forests",
url="https://www.stat.berkeley.edu/~breiman/randomforest2001.pdf"
}

@misc{rf07,
title="Imputation with Random Forests",
url="https://stats.stackexchange.com/questions/49270/imputation-with-random-forests",
howpublished="Cross Validated"
}

@misc{rf08,
title="What is the proper way to use rfImpute? (Imputation by Random Forest in R)",
url="https://stats.stackexchange.com/questions/226803/what-is-the-proper-way-to-use-rfimpute-imputation-by-random-forest-in-r?rq=1",
howpublished="Cross Validated"
}

@misc{rf09,
title="機械学習ハッカソン：ランダムフォレスト",
author="Teppei Baba",
url="https://www.slideshare.net/teppeibaba5/ss-37143977",
howpublished="SlideShare",
}

@misc{tree01,
title="決定木",
url="https://jp.mathworks.com/help/stats/classification-trees-and-regression-trees.html#bsw6a62",
organization="Matlab"
}

@misc{hbase01,
title="clojure-hbase",
url="https://github.com/davidsantiago/clojure-hbase",
author="David Santiago",
year="2014",
month="6",
day="15"
}

@misc{hbase02,
title="All Your HBase Are Belong to Clojure",
author="Christopher Miles",
year="2012",
month="1",
day="12",
url="https://twitch.nervestaple.com/2012/01/12/clojure-hbase/"
}

@misc{hbase03,
title="HBase Tutorial",
organization="tutorials point",
url="https://www.tutorialspoint.com/hbase/index.htm"
}

@article{bunpou01,
title="論文に於ける「だ」と「である」の選択条件に関する試行的考察",
author="中村,重穂",
year="2009",
month="12",
organization="北海道大学留学生センター",
url="https://eprints.lib.hokudai.ac.jp/dspace/handle/2115/45684",
}