@manual{hbase-reference,
title="The Apache HBase™ Reference Guide",
organization="Copyright © 2012 Apache Software Foundation.",
edition="Revision 0.94.27",
year="2015",
month="12",
address="https://www.slideshare.net/hamadakoichi/randomforest-web"
}
@book{graphite-oreilly,
title="Monitoring with Graphite",
subtitle="Tracking Dynamic Host and Application Metrics at Scale",
author="Jason Dixon",
publisher="O'Reilly Media",
year="2017",
volume="290"
}